@article{carlson1987,
  author = {J. Carlson},
  title = {Green's function Monte Carlo study of light nuclei},
  journal = {Phys. Rev. C},
  year = {1987},
  volume = {36},
  pages = {2026-2033}
}

@article{carlson2014,
  author = {J. Carlson and S. Gandolfi and F. Pederiva and Steven C. Pieper and R. Schiavilla and K.E. Schmidt and R.B. Wiringa},
  title = {Quantum Monte Carlo methods for nuclear physics},
  journal = {},
  year = {2014},
  volume = {},
  pages = {},
  note = {arXiv:1412.3081v1 [nucl-th]}
}

@article{foulkes2001,
  author = {W. M. C. Foulkes and L. Mitas and R. J. Needs and G. Rajagopal},
  title = {Quantum Monte Carlo simulations of solids},
  journal = {Rev. Mod. Phys.},
  year = {2001},
  volume = {73},
  pages = {33-83}
}

@phdthesis{gandolfi2007,
  title = {The Auxiliary Field Diffusion Monte Carlo Method for Nuclear Physics and Nuclear Astrophysics},
  author = {Stefano Gandolfi},
  school = {Universit\'a Degli Studi Di Trento},
  month = {November},
  year = {2007}
}

@article{gandolfi2014,
  author = {S. Gandolfi and A. Lovato and J. Carlson and Kevin E. Schmidt},
  title = {From the lightest nuclei to the equation of state of asymmetric nuclear matter with realistic nuclear interactions},
  journal = {},
  year = {2014},
  volume = {},
  pages = {},
  note= {arXiv:1406.3388v1 [nucl-th]}
}

@article{jastrow1955,
  author = {Robert Jastrow},
  title = {Many-Body Problem with Strong Forces},
  journal = {Phys. Rev.},
  year = {1995},
  volume = {98},
  pages = {1479-1484}
}

@misc{jensen2012,
  author = {Morten Hjorth-Jensen and Calvin Johnson and Francesco Pederiva and Kevin Schmidt},
  title = {Nuclear Talent course: Computational Many-body Methods for Nuclear Physics},
  howpublished = {\url{http://www.nucleartalent.org}},
  note = {As part of Nuclear Talent course},
  note = {Accessed: 2014-10-30}
}

@article{kosztin1996,
  author = {Ioan Kosztin and Byron Faber and Klaus Schulten},
  title = {Introduction to the diffusion Monte Carlo method},
  journal = {Am. J. Phys.},
  year = {1996},
  volume = {64},
  pages = {633-644}
}

@phdthesis{lynn2013,
  title = {Quantum Monte Carlo Calculations of Light Nuclei with Non-Local Potentials},
  author = {Joel E. Lynn},
  school = {Arizona State University},
  month = {May},
  year = {2013}
}

@article{pudliner1997,
  author = {B.S. Pudliner and V.R. Pandharipande and J. Carlson},
  title = {Quantum Monte Carlo calculations of nuclei with {$A \le 7$}},
  journal = {Phys. Rev. C},
  year = {1997},
  volume = {56},
  pages = {1720-1750}
}

@article{schmidt1999,
  author = {K.E. Schmidt and S. Fantoni},
  title = {A quantum Monte Carlo method for nucleon systems},
  journal = {Phys. Lett. B},
  year = {1999},
  volume = {446},
  pages = {99-103}
}

@article{wiringa1984,
  author={R. B. Wiringa and R. A. Smith and T. L. Ainsworth},
  title={Nucleon-nucleon potentials with and without {$\Delta(1232)$} degrees of freedom},
  journal={Phys. Rev. C},
  year={1984},
  volume={29},
  pages={1207}
}

@phdthesis{zhang2014,
  title = {Spin Orbin Interactions in Nuclear Matter with Auxiliary Field},
  author = {Jie Zhang},
  school = {Arizona State University},
  month = {December},
  year = {2014}
}
